<?xml version="1.0" encoding="UTF-8"?>
<collection xmlns:xsi="http://www.w3.org/2001/XMLSchema-instance" xsi:schemaLocation="http://www.loc.gov/MARC21/slim http://www.loc.gov/standards/marcxml/schema/MARC21slim.xsd" xmlns="http://www.loc.gov/MARC21/slim">
<record>
  <leader>00851cam a22002172i 4500</leader>
  <controlfield tag="001">2601865</controlfield>
  <controlfield tag="003">NNC</controlfield>
  <controlfield tag="005">20100224200408.0</controlfield>
  <controlfield tag="008">000216s1952    ua                  ara d</controlfield>
  <datafield tag="035" ind1=" " ind2=" ">
    <subfield code="a">(OCoLC)44659855</subfield>
  </datafield>
  <datafield tag="035" ind1=" " ind2=" ">
    <subfield code="a">(OCoLC)ocm44659855</subfield>
  </datafield>
  <datafield tag="035" ind1=" " ind2=" ">
    <subfield code="9">AQU1450CU</subfield>
  </datafield>
  <datafield tag="035" ind1=" " ind2=" ">
    <subfield code="a">(NNC)2601865</subfield>
  </datafield>
  <datafield tag="040" ind1=" " ind2=" ">
    <subfield code="a">NNC</subfield>
    <subfield code="c">UPvMLC</subfield>
  </datafield>
  <datafield tag="090" ind1=" " ind2=" ">
    <subfield code="a">Z6605.A6</subfield>
    <subfield code="b">N3</subfield>
  </datafield>
  <datafield tag="100" ind1="1" ind2=" ">
    <subfield code="a">Nāmī, Khalīl Yaḥyá.</subfield>
  </datafield>
  <datafield tag="245" ind1="1" ind2="3">
    <subfield code="a">al-Baʻthah al-Miṣrīyah litaṣwīr al-makhṭūṭāt al-ʻArabīyah fī bilād al-Yaman,</subfield>
    <subfield code="c">taqrīr muqaddam min Khalīl Yaḥyā Nāmī, raʾīs al-baʻthah, Dīsambīr sanat 1951.</subfield>
  </datafield>
  <datafield tag="260" ind1=" " ind2=" ">
    <subfield code="a">[al-Qāhirah]</subfield>
    <subfield code="b">Maṭbaʻat Wizārat al-Maʻārif al-ʻUmūmīyah,</subfield>
    <subfield code="c">1952.</subfield>
  </datafield>
  <datafield tag="300" ind1=" " ind2=" ">
    <subfield code="a">42 p.</subfield>
  </datafield>
  <datafield tag="500" ind1=" " ind2=" ">
    <subfield code="a">At head of title: Wizārat al-Maʻārif al-ʻUmūmīyah. al-Idārah al-ʻĀmmah lil-Thaqāfah.</subfield>
  </datafield>
  <datafield tag="955" ind1=" " ind2=" ">
    <subfield code="b">0069055564</subfield>
    <subfield code="d">glx</subfield>
    <subfield code="e">Z6605.A6 N3</subfield>
  </datafield>
</record>
</collection>